\nocite{*}
@article{PhysRevLett.101.020403,
  title = {Simple Test for Hidden Variables in Spin-1 Systems},
  author = {Klyachko, Alexander A. and Can, M. Ali and Binicio\ifmmode \breve{g}\else \u{g}\fi{}lu, Sinem and Shumovsky, Alexander S.},
  journal = {Phys. Rev. Lett.},
  volume = {101},
  issue = {2},
  pages = {020403},
  numpages = {4},
  year = {2008},
  month = {Jul},
  doi = {10.1103/PhysRevLett.101.020403},
  url = {http://link.aps.org/doi/10.1103/PhysRevLett.101.020403},
  publisher = {American Physical Society}
}
@book{Bransden:2000,
    author    = {B.H. Bransden and C.J. Joachain},
    title     = {Quantum mechanics},
    publisher = {Pearson Education},
    edition  = {Second},
    year      = {2000},
 }
@book{Nielsen:2010,
    author    = {Nielsen, Michael A. and Chuang, Isaac L.},
    title     = {Quantum Computation and Quantum Information},
    publisher = {Cambridge University Press},
    edition  = {10th},
    year      = {2010},
 }
@Article{Schrodinger:1926,
author = {Schr\"{o}dinger, E},
title = {Quantisierung als Eigenwertproblem},
journal = {Annalen der Physik, vol. 385, Issue 13, pp.437-490},
year = {1926},
}
@article{PhysRev.47.777,
  title = {Can Quantum-Mechanical Description of Physical Reality Be Considered Complete?},
  author = {Einstein, A. and Podolsky, B. and Rosen, N.},
  journal = {Phys. Rev.},
  volume = {47},
  issue = {10},
  pages = {777--780},
  year = {1935},
  month = {May},
  doi = {10.1103/PhysRev.47.777},
  url = {http://link.aps.org/doi/10.1103/PhysRev.47.777},
  publisher = {American Physical Society}
}
@article{Bell:1964,
    author = {Bell, John S.},
    citeulike-article-id = {4253487},
    journal = {Physics},
    keywords = {ghz\_paper},
    pages = {195--200},
    posted-at = {2009-04-01 16:14:47},
    priority = {2},
    title = {{On the Einstein-Podolsky-Rosen paradox}},
    volume = {1},
    year = {1964}
}
@article{Schrodinger:1980,
    author = {Schr\"{o}dinger, E.},
    citeulike-article-id = {6820314},
    journal = {Proceedings of the American Philosophical Society},
    posted-at = {2010-03-12 11:51:53},
    priority = {3},
    title = {{The Present Situation in Quantum Mechanics: A Translation of Schr\"{o}dinger's Cat Paradox Paper}},
    volume = {124},
    year = {1980}
}
@article{PhysRevLett.23.880,
  title = {Proposed Experiment to Test Local Hidden-Variable Theories},
  author = {Clauser, John F. and Horne, Michael A. and Shimony, Abner and Holt, Richard A.},
  journal = {Phys. Rev. Lett.},
  volume = {23},
  issue = {15},
  pages = {880--884},
  year = {1969},
  month = {Oct},
  doi = {10.1103/PhysRevLett.23.880},
  url = {http://link.aps.org/doi/10.1103/PhysRevLett.23.880},
  publisher = {American Physical Society}
}
@article{Kochen1968The,
    author = {Kochen, Simon and Specker, E. P.},
    citeulike-article-id = {9323505},
    citeulike-linkout-0 = {http://www.iumj.indiana.edu/IUMJ/dsimplesearch.php},
    journal = {Indiana Univ. Math. J.},
    keywords = {qi, qm},
    number = {1},
    pages = {59--87},
    posted-at = {2011-05-21 09:31:24},
    priority = {2},
    title = {{The Problem of Hidden Variables in Quantum Mechanics}},
    url = {http://www.iumj.indiana.edu/IUMJ/dsimplesearch.php},
    volume = {17},
    year = {1968}
}
@article{Grund,
  title = {Grundlagen der modernen Quantenphysik},
  author = {Christoph Saulder},
   year = {2007},
month = {dec},
   url = {http://www.unet.univie.ac.at/~a0400944/download/Studium/Grundlagen_Quantenphysik/Handout.pdf}
}
@book{Kreyzig,
  title={Introductory Functional Analysis with Applications},
  author = {Erwin Kreyszig},
  isbn={9788126511914},
  series={Wiley classics library},
  url={http://books.google.se/books?id=osXw-pRsptoC},
  year={2007},
  publisher={Wiley India Pvt. Limited}
}

@article{Bub2010,
  author = {Bub, Jeffrey and Stairs, Allen},
  url = {http://arxiv.org/abs/1006.0500},
  title = {Contextuality in Quantum Mechanics: Testing the Klyachko Inequality},
  year = 2010
}


